
@Misc{csp-overview,  
howpublished = {\url{https://web.archive.org/web/20150304013359/http://people.mozilla.org/~bsterne/content-security-policy/index.html}},  
note = {Accessed April 4, 2010},  
title = {Line Spacing in LaTeX documents},  
author = {Murphy, Timothy I}  
}  

@Misc{DOM-based,  
howpublished = {\url{http://www.webappsec.org/projects/articles/071105.shtml}},
title = {DOM Based Cross Site Scripting or XSS of the Third Kind},  
author = {Amit Klein}  
} 

@inproceedings{code-reuse-attack,
  title={Code-Reuse Attacks for the Web: Breaking Cross-Site Scripting Mitigations via Script Gadgets},
  author={Lekies, Sebastian and Kotowicz, Krzysztof and Gro{\ss}, Samuel and Vela Nava, Eduardo A and Johns, Martin},
  booktitle={Proceedings of the 2017 ACM SIGSAC Conference on Computer and Communications Security},
  pages={1709--1723},
  year={2017},
  organization={ACM}
}

@Misc{wiki-crypto-hash-func,  
howpublished = {\url{https://en.wikipedia.org/wiki/Cryptographic_hash_function}},  
% note = {Accessed April 4, 2010},  
% title = {Line Spacing in LaTeX documents},  
% author = {Murphy, Timothy I}  
} 


@inproceedings{grubbs_message_2017,
	title = {Message Franking via Committing Authenticated Encryption},
	isbn = {978-3-319-63696-2 978-3-319-63697-9},
	url = {https://link.springer.com/chapter/10.1007/978-3-319-63697-9_3},
	doi = {10.1007/978-3-319-63697-9_3},
	series = {Lecture Notes in Computer Science},
	eventtitle = {Annual International Cryptology Conference},
	pages = {66--97},
	booktitle = {Advances in Cryptology â€“ {CRYPTO} 2017},
	publisher = {Springer, Cham},
	author = {Grubbs, Paul and Lu, Jiahui and Ristenpart, Thomas},
	urldate = {2018-02-15},
	date = {2017-08-20},
	langid = {english},
}

@artical{fb_whitepaper,
	title = {Messenger Secret Conversations Technical Whitepaper},
	url = {https://fbnewsroomus.files.wordpress.com/2016/07/secret_conversations_whitepaper-1.pdf},
	note = {https://fbnewsroomus.files.wordpress.com/\\2016/07/secret\_conversations\_whitepaper-1.pdf},
}
